<record><leader>00000cas a2200000 a 4500</leader><controlfield tag="001">10523216</controlfield><controlfield tag="008">840315d18721883oruwr ne      0    0eng c</controlfield><datafield ind1=" " ind2=" " tag="010"><subfield code="a">sn 84022659 </subfield></datafield><datafield ind1=" " ind2=" " tag="040"><subfield code="a">NPX</subfield><subfield code="b">eng</subfield><subfield code="c">NPX</subfield><subfield code="d">NPU</subfield><subfield code="d">CNK</subfield><subfield code="d">OCN</subfield><subfield code="d">OCLCQ</subfield><subfield code="d">ORU</subfield><subfield code="d">OCLCQ</subfield><subfield code="d">OCLCF</subfield><subfield code="d">OCLCO</subfield></datafield><datafield ind1=" " ind2=" " tag="042"><subfield code="a">pcc</subfield></datafield><datafield ind1=" " ind2=" " tag="043"><subfield code="a">n-us-or</subfield></datafield><datafield ind1="0" ind2="0" tag="245"><subfield code="a">Yamhill County reporter.</subfield></datafield><datafield ind1="3" ind2="0" tag="246"><subfield code="a">Yamhill reporter</subfield></datafield><datafield ind1=" " ind2=" " tag="260"><subfield code="a">McMinnville, Or. :</subfield><subfield code="b">G.W. Snyder,</subfield><subfield code="c">1872-1883.</subfield></datafield><datafield ind1=" " ind2=" " tag="300"><subfield code="a">v.</subfield></datafield><datafield ind1=" " ind2=" " tag="310"><subfield code="a">Weekly</subfield></datafield><datafield ind1="0" ind2=" " tag="362"><subfield code="a">Vol. 2, no. 30 (Aug. 8, 1872)-v. 13, no. 5 (Apr. 12, 1883).</subfield></datafield><datafield ind1=" " ind2=" " tag="530"><subfield code="a">Also issued on microfilm from Universtiy of Oregon.</subfield></datafield><datafield ind1=" " ind2="0" tag="651"><subfield code="a">McMinnville (Or.)</subfield><subfield code="v">Newspapers.</subfield></datafield><datafield ind1=" " ind2="0" tag="651"><subfield code="a">Yamhill County (Or.)</subfield><subfield code="v">Newspapers.</subfield></datafield><datafield ind1=" " ind2="7" tag="655"><subfield code="a">Newspapers.</subfield><subfield code="2">fast</subfield><subfield code="0">(OCoLC)fst01423814</subfield></datafield><datafield ind1=" " ind2="7" tag="651"><subfield code="a">Oregon</subfield><subfield code="z">McMinnville.</subfield><subfield code="2">fast</subfield><subfield code="0">(OCoLC)fst01226321</subfield></datafield><datafield ind1=" " ind2="7" tag="651"><subfield code="a">Oregon</subfield><subfield code="z">Yamhill County.</subfield><subfield code="2">fast</subfield><subfield code="0">(OCoLC)fst01220996</subfield></datafield><datafield ind1=" " ind2=" " tag="752"><subfield code="a">United States</subfield><subfield code="b">Oregon</subfield><subfield code="c">Yamhill</subfield><subfield code="d">McMinnville.</subfield></datafield><datafield ind1="0" ind2="0" tag="780"><subfield code="t">West-side (McMinnville, Or.)</subfield><subfield code="w">(DLC)sn 94052324</subfield><subfield code="w">(OCoLC)29831315</subfield></datafield><datafield ind1="0" ind2="0" tag="785"><subfield code="t">Yamhill reporter</subfield><subfield code="w">(DLC)sn 97071126</subfield><subfield code="w">(OCoLC)39732326</subfield></datafield></record>